<record><leader>00000cas a22000007a 4500</leader><controlfield tag="001">18672404</controlfield><controlfield tag="008">881026d19821984moudn ne      0    0eng d</controlfield><datafield ind1=" " ind2=" " tag="010"><subfield code="a">sn 88068030 </subfield></datafield><datafield ind1=" " ind2=" " tag="040"><subfield code="a">MQN</subfield><subfield code="b">eng</subfield><subfield code="c">MQN</subfield><subfield code="d">OCLCQ</subfield></datafield><datafield ind1=" " ind2=" " tag="042"><subfield code="a">msc</subfield></datafield><datafield ind1="0" ind2="0" tag="245"><subfield code="a">Kingdom daily sun-gazette.</subfield></datafield><datafield ind1=" " ind2=" " tag="260"><subfield code="a">Fulton, Mo. :</subfield><subfield code="b">Waters Publications,</subfield><subfield code="c">1982-1984.</subfield></datafield><datafield ind1=" " ind2=" " tag="300"><subfield code="a">v.</subfield></datafield><datafield ind1=" " ind2=" " tag="310"><subfield code="a">Daily (except Mon. and holidays)</subfield></datafield><datafield ind1="0" ind2=" " tag="362"><subfield code="a">Vol. 90, no. 38 (Feb. 14, 1982)-v. 108, no. 173 (Dec. 30, 1984).</subfield></datafield><datafield ind1=" " ind2=" " tag="752"><subfield code="a">United States</subfield><subfield code="b">Missouri</subfield><subfield code="c">Callaway</subfield><subfield code="d">Fulton.</subfield></datafield><datafield ind1="0" ind2="0" tag="780"><subfield code="t">Kingdom daily news</subfield><subfield code="w">(DLC)sn 88068028</subfield></datafield><datafield ind1="0" ind2="0" tag="785"><subfield code="t">Fulton sun (Fulton, Mo. : 1985)</subfield><subfield code="w">(DLC)sn 85000549</subfield></datafield></record>